@ARTICLE {Dietz2014,
    author  = "Dietz, L. R. and S. Chatterjee",
    title   = "Logit-normal mixed model for {I}ndian monsoon precipitation",
    journal = "Nonlin. Processes Geophys.",
    year    = "2014",
    volume  = "21",
    pages   = "939-953",
    month   = "sep"
}

@INPROCEEDINGS {Dietz2015Chapter,
    author    = "Dietz, L. R. and S. Chatterjee",
    title     = "{Investigation of Precipitation Thresholds in the Indian Monsoon Using Logit-Normal Mixed Models}",
    booktitle = "Machine Learning and Data Mining Approaches to Climate Science",
    year      = "2015",
    editor    = "Lakshmanan, V. and E. Gilleland and A. McGovern and M. Tingley",
    pages     = "239-246",
    publisher = "Springer"
}

@UNPUBLISHED {MajumdarMS,
    author = "Majumdar, S. and S. Chatterjee",
    title  = "A model selection criterion for regression estimators based on data depth",
    note   = "Working paper",
    year    = "2015+"
}

@article{ZuoSerfling00c,
       author={Zuo, Y. and R. Serfling},
       title={General notions of statistical depth function},
       journal={Ann. Statist.},
       volume={28-2},
       year = {2000},
       pages = {461-482}
}

@ARTICLE {Mammen93,
    author  = "Mammen, E.",
    title   = "Bootstrap and Wild Bootstrap for High Dimensional Linear Models",
    journal = "Ann. Statist.",
    year    = "1993",
    volume  = "21-1",
    pages   = "255-285"
}
